<?xml version="1.0" encoding="UTF-8"?><record xmlns="http://www.loc.gov/MARC21/slim" xmlns:cinclude="http://apache.org/cocoon/include/1.0" xmlns:zs="http://www.loc.gov/zing/srw/">
  <leader>00479cz  a2200145n  4500</leader>
  <controlfield tag="001">n  87829783 </controlfield>
  <controlfield tag="003">DLC</controlfield>
  <controlfield tag="005">20080323080139.0</controlfield>
  <controlfield tag="008">870507n| acannaabn          |a aad      </controlfield>
  <datafield tag="010" ind1=" " ind2=" ">
    <subfield code="a">n  87829783 </subfield>
  </datafield>
  <datafield tag="035" ind1=" " ind2=" ">
    <subfield code="a">(OCoLC)oca01849948</subfield>
  </datafield>
  <datafield tag="040" ind1=" " ind2=" ">
    <subfield code="a">DLC</subfield>
    <subfield code="b">eng</subfield>
    <subfield code="c">DLC</subfield>
    <subfield code="d">DLC</subfield>
    <subfield code="d">OCoLC</subfield>
  </datafield>
  <datafield tag="100" ind1="1" ind2=" ">
    <subfield code="a">Sinha, Suresh Nandan</subfield>
  </datafield>
  <datafield tag="400" ind1="0" ind2=" ">
    <subfield code="a">Suresh Nandan Sinha</subfield>
  </datafield>
  <datafield tag="670" ind1=" " ind2=" ">
    <subfield code="a">nuc87-42415: Author's The sequential novels of C.P. Snow, 1983</subfield>
    <subfield code="b">(hdg. on MiDW rept.: Sinha, Suresh Nandan; usage: Suresh Nandan Sinha)</subfield>
  </datafield>
</record>